@misc {arscryptolocker,
  title		= {{Youâ€™re infected -- if you want to see your data again, pay us \$300 in Bitcoins}},
  author        = {Dan Goodin},
  year          = {2013},
  month         = {October},
  day           = {17},
  organization  = {Ars Technica},
  url		= {http://arstechnica.com/security/2013/10/youre-infected-if-you-want-to-see-your-data-again-pay-us-300-in-bitcoins/},
}
}
